
@inproceedings{9149314,  author={Wang, Binglai and Dou, Yu and Sang, Yafei and Zhang, Yongzheng and Huang, Ji},  booktitle={ICC 2020 - 2020 IEEE International Conference on Communications (ICC)},   title={IoTCMal: Towards A Hybrid IoT Honeypot for Capturing and Analyzing Malware},   year={2020},  volume={},  number={},  pages={1-7},  doi={10.1109/ICC40277.2020.9149314}}
 
@misc{dshieldandGlastopf, author = "{Anujot Boparai, Ron Ruhl, Dale Lindskog}",title = "THE BEHAVIOURAL STUDY OF LOW INTERACTION HONEYPOTS: DSHIELD AND GLASTOPF IN VARIOUS WEB ATTACKS",year = "2014", howpublished = "\url{https://era.library.ualberta.ca/items/479e6ab1-28e6-4d4c-bfa5-e3cdc497f779/view/97904c8c-4480-47e6-8351-3948ad8c1da1/Boparai_2014_MISSM.pdf}", note = "[Online;Concordia University College of Alberta 7128 Ada Boulevard, Edmonton, AB T5B 4E4, Canada]"
  }