
@inproceedings{9149314,  author={Wang, Binglai and Dou, Yu and Sang, Yafei and Zhang, Yongzheng and Huang, Ji},  booktitle={ICC 2020 - 2020 IEEE International Conference on Communications (ICC)},   title={IoTCMal: Towards A Hybrid IoT Honeypot for Capturing and Analyzing Malware},   year={2020},  volume={},  number={},  pages={1-7},  doi={10.1109/ICC40277.2020.9149314}}
 
@misc{dshieldandGlastopf, author = "{Anujot Boparai, Ron Ruhl, Dale Lindskog}",title = "THE BEHAVIOURAL STUDY OF LOW INTERACTION HONEYPOTS: DSHIELD AND GLASTOPF IN VARIOUS WEB ATTACKS",year = "2014", url= {https://era.library.ualberta.ca/items/479e6ab1-28e6-4d4c-bfa5-e3cdc497f779/view/97904c8c-4480-47e6-8351-3948ad8c1da1/Boparai_2014_MISSM.pdf}, note = "[Concordia University College of Alberta 7128 Ada Boulevard, Edmonton, AB T5B 4E4, Canada]"
  }

@misc{https://doi.org/10.48550/arxiv.2105.04773,
  doi = {10.48550/ARXIV.2105.04773},
  
  url = {https://arxiv.org/abs/2105.04773},
  
  author = {Gupta, Rajat and V., Madhu Viswanatham and K, Manikandan},
  
  keywords = {Cryptography and Security (cs.CR), FOS: Computer and information sciences, FOS: Computer and information sciences},
  
  title = {An Innovative Security Strategy using Reactive Web Application Honeypot},
  
  publisher = {arXiv},
  
  year = {2021},
  
  copyright = {Creative Commons Attribution 4.0 International}
}

@misc{https://doi.org/10.48550/arxiv.1804.04637,
  doi = {10.48550/ARXIV.1804.04637},
  
  url = {https://arxiv.org/abs/1804.04637},
  
  author = {Anderson, Hyrum S. and Roth, Phil},
  
  keywords = {Cryptography and Security (cs.CR), FOS: Computer and information sciences, FOS: Computer and information sciences},
  
  title = {EMBER: An Open Dataset for Training Static PE Malware Machine Learning Models},
  
  publisher = {arXiv},
  
  year = {2018},
  
  copyright = {arXiv.org perpetual, non-exclusive license}
}

@INPROCEEDINGS{7944057,  author={Anirudh, M and Thileeban, S Arul and Nallathambi, Daniel Jeswin},  booktitle={2017 International Conference on Computer, Communication and Signal Processing (ICCCSP)},   title={Use of honeypots for mitigating DoS attacks targeted on IoT networks},   year={2017},  volume={},  number={},  pages={1-4},  doi={10.1109/ICCCSP.2017.7944057}}

@misc{Howto,title = "How to: Simulating A Ransomware Attack With PowerShell ", howpublished = "\url{https://itincanadaonline.ca/index.php/how-to-simulating-a-ransomware-attack-with-powershell/}"
  }


@misc{https://doi.org/10.48550/arxiv.2002.07340,
  doi = {10.48550/ARXIV.2002.07340},
  
  url = {https://arxiv.org/abs/2002.07340},
  
  author = {Chen, He and Wang, Qian and Mohapatra, Parthajit and Pappas, Nikolaos},
  
  keywords = {Cryptography and Security (cs.CR), Information Theory (cs.IT), Networking and Internet Architecture (cs.NI), Signal Processing (eess.SP), FOS: Computer and information sciences, FOS: Computer and information sciences, FOS: Electrical engineering, electronic engineering, information engineering, FOS: Electrical engineering, electronic engineering, information engineering},
  
  title = {Secure Status Updates under Eavesdropping: Age of Information-based Physical Layer Security Metrics},
  
  publisher = {arXiv},
  
  year = {2020},
  
  copyright = {arXiv.org perpetual, non-exclusive license}
}


@article{Zou_2016,
	doi = {10.1109/mnet.2016.7579030},
  
	url = {https://doi.org/10.1109%2Fmnet.2016.7579030},
  
	year = 2016,
	month = {sep},
  
	publisher = {Institute of Electrical and Electronics Engineers ({IEEE})},
  
	volume = {30},
  
	number = {5},
  
	pages = {74--79},
  
	author = {Yulong Zou and Jia Zhu and Xuelong Li and Lajos Hanzo},
  
	title = {Relay selection for wireless communications against eavesdropping: a security-reliability trade-off perspective},
  
	journal = {{IEEE} Network}
}

@article{https://doi.org/10.48550/arxiv.2108.00149,
  doi = {10.48550/ARXIV.2108.00149},
  
  url = {https://arxiv.org/abs/2108.00149},
  
  author = {Malandrino, Francesco and Nordio, Alessandro and Chiasserini, Carla Fabiana},
  
  keywords = {Networking and Internet Architecture (cs.NI), FOS: Computer and information sciences, FOS: Computer and information sciences},
  
  title = {Eavesdropping with Intelligent Reflective Surfaces: Threats and Defense Strategies}
}
@inproceedings{Provos2003HoneydA,
  title={Honeyd : A Virtual Honeypot Daemon ( Extended Abstract )},
  author={Niels Provos},
  year={2003}
}
